%YAML 1.1
%TAG !u! tag:unity3d.com,2011:
--- !u!1 &399936507265037841
GameObject:
  m_ObjectHideFlags: 0
  m_CorrespondingSourceObject: {fileID: 0}
  m_PrefabInstance: {fileID: 0}
  m_PrefabAsset: {fileID: 0}
  serializedVersion: 6
  m_Component:
  - component: {fileID: 4233473966276321159}
  - component: {fileID: 1643023115679826599}
  - component: {fileID: 9142082599131410117}
  - component: {fileID: 6307384364766922828}
  - component: {fileID: 2436823886621423566}
  - component: {fileID: 4013604516164648668}
  - component: {fileID: 3313515379037533168}
  - component: {fileID: 967620121929763229}
  - component: {fileID: 7049337172945699316}
  - component: {fileID: 1188984670182846508}
  m_Layer: 8
  m_Name: RangedInvader
  m_TagString: Invader
  m_Icon: {fileID: 0}
  m_NavMeshLayer: 0
  m_StaticEditorFlags: 0
  m_IsActive: 1
--- !u!4 &4233473966276321159
Transform:
  m_ObjectHideFlags: 0
  m_CorrespondingSourceObject: {fileID: 0}
  m_PrefabInstance: {fileID: 0}
  m_PrefabAsset: {fileID: 0}
  m_GameObject: {fileID: 399936507265037841}
  serializedVersion: 2
  m_LocalRotation: {x: -0, y: -0, z: -0, w: 1}
  m_LocalPosition: {x: 0, y: 0, z: 0}
  m_LocalScale: {x: 1, y: 1, z: 1}
  m_ConstrainProportionsScale: 0
  m_Children:
  - {fileID: 6016360049407073895}
  - {fileID: 645656205837594098}
  - {fileID: 152329221657521778}
  - {fileID: 7781376580259779996}
  - {fileID: 5638869665230568632}
  m_Father: {fileID: 0}
  m_LocalEulerAnglesHint: {x: 0, y: 0, z: 0}
--- !u!114 &1643023115679826599
MonoBehaviour:
  m_ObjectHideFlags: 0
  m_CorrespondingSourceObject: {fileID: 0}
  m_PrefabInstance: {fileID: 0}
  m_PrefabAsset: {fileID: 0}
  m_GameObject: {fileID: 399936507265037841}
  m_Enabled: 1
  m_EditorHideFlags: 0
  m_Script: {fileID: 11500000, guid: b6ca707e6c54bde4f8f7e61bf0492d2a, type: 3}
  m_Name: 
  m_EditorClassIdentifier: 
  _unitAnimationController: {fileID: 9142082599131410117}
  _enemyTag: Defender
  _unitName: RangedInvader
  _armorType: 0
  _attackType: 0
  _damageType: 0
  _healthPoints: 10
  _armor: 0
  _speedByCell: 1
  _attackDamage: 2
  _attackCooldown: 3
  _attackRange: 5
  _distanceDecision: 5
  _speedAcceleraion: 10
  _hpShowTime: 1
  _showHpAlways: 1
  _gameUIPrefab: {fileID: 4743669862275441470, guid: 9a49e15045874aa49a3481d5416f9cb9,
    type: 3}
  _damagePopup: {fileID: 3254286312377238054}
  _slowDebuffVFX: {fileID: 3385590192908871056}
  _iconInvader: {fileID: 21300000, guid: b32e32e8f2be73041bdeb558d40adf10, type: 3}
  _forceInvader: 1
  _isDefender: 0
  _placingUI: {fileID: 0}
  _upgradeConfig: {fileID: 0}
  _defenderOptions:
    cost: 25
    iconSprite: {fileID: 0}
  _onHeal:
    m_PersistentCalls:
      m_Calls: []
  _placementManterial: {fileID: 0}
  _mainMaterial: {fileID: 0}
  _deadMaterial: {fileID: 0}
  onDamageGet:
    m_PersistentCalls:
      m_Calls: []
  _onDeadVFX:
    m_PersistentCalls:
      m_Calls: []
  _onRecoveryVFX:
    m_PersistentCalls:
      m_Calls: []
  _onLiveVFX:
    m_PersistentCalls:
      m_Calls: []
  _onStartAttackVFX:
    m_PersistentCalls:
      m_Calls: []
  _rotationSpeed: 0.5
  _projectileSpeed: 3
  _projectilePosition: {fileID: 152329221657521778}
  _prefabProjectile: {fileID: 416091350042731334, guid: 27e75804bb6260b4da9c291c85d0632b,
    type: 3}
  _mainTargetTag: MainTarget
  _propsTag: Props
--- !u!114 &9142082599131410117
MonoBehaviour:
  m_ObjectHideFlags: 0
  m_CorrespondingSourceObject: {fileID: 0}
  m_PrefabInstance: {fileID: 0}
  m_PrefabAsset: {fileID: 0}
  m_GameObject: {fileID: 399936507265037841}
  m_Enabled: 1
  m_EditorHideFlags: 0
  m_Script: {fileID: 11500000, guid: 2fd3a5d4235ef7b429113da193d0496e, type: 3}
  m_Name: 
  m_EditorClassIdentifier: 
  _unitAnimator: {fileID: 1188984670182846508}
  _idleState: RangedInvaderIdle
  _runState: RangedInvaderRun
  _getDamageState: RangedInvaderGetDamageTrigger
  _attackState: RangedInvaderAttack
  _deathState: RangedInvaderDeathTrigger
  _attackClip: {fileID: 0}
  _placemodeState: 
--- !u!114 &6307384364766922828
MonoBehaviour:
  m_ObjectHideFlags: 0
  m_CorrespondingSourceObject: {fileID: 0}
  m_PrefabInstance: {fileID: 0}
  m_PrefabAsset: {fileID: 0}
  m_GameObject: {fileID: 399936507265037841}
  m_Enabled: 1
  m_EditorHideFlags: 0
  m_Script: {fileID: 11500000, guid: a0373b5d4c392694499619a53fbfb297, type: 3}
  m_Name: 
  m_EditorClassIdentifier: 
  _timeInRagdoll: 3
  _rigidbodyMassRagdoll: 3
  _massObjectType: 1
--- !u!114 &2436823886621423566
MonoBehaviour:
  m_ObjectHideFlags: 0
  m_CorrespondingSourceObject: {fileID: 0}
  m_PrefabInstance: {fileID: 0}
  m_PrefabAsset: {fileID: 0}
  m_GameObject: {fileID: 399936507265037841}
  m_Enabled: 1
  m_EditorHideFlags: 0
  m_Script: {fileID: -264373819, guid: da41a8dd3b5ec434a802d9b5a2a0a777, type: 3}
  m_Name: 
  m_EditorClassIdentifier: 
  updateInterval: 0
  updateIntervalSeconds: 1
  synchronizedVariables:
  - synchronizationType: 1
    setVariable: 1
    behavior: {fileID: 4013604516164648668}
    variableName: SpeedByCell
    global: 0
    targetComponent: {fileID: 1643023115679826599}
    targetName: SpeedByCell
    targetGlobal: 0
    animator: {fileID: 0}
    animatorParameterType: 0
    targetID: 0
  - synchronizationType: 1
    setVariable: 1
    behavior: {fileID: 4013604516164648668}
    variableName: AttackRange
    global: 0
    targetComponent: {fileID: 1643023115679826599}
    targetName: AttackRange
    targetGlobal: 0
    animator: {fileID: 0}
    animatorParameterType: 0
    targetID: 0
  - synchronizationType: 1
    setVariable: 1
    behavior: {fileID: 4013604516164648668}
    variableName: AttackDamage
    global: 0
    targetComponent: {fileID: 1643023115679826599}
    targetName: AttackDamage
    targetGlobal: 0
    animator: {fileID: 0}
    animatorParameterType: 0
    targetID: 0
  - synchronizationType: 1
    setVariable: 1
    behavior: {fileID: 4013604516164648668}
    variableName: HealthPoints
    global: 0
    targetComponent: {fileID: 1643023115679826599}
    targetName: HealthPoints
    targetGlobal: 0
    animator: {fileID: 0}
    animatorParameterType: 0
    targetID: 0
  - synchronizationType: 1
    setVariable: 1
    behavior: {fileID: 4013604516164648668}
    variableName: ProjectileSpeed
    global: 0
    targetComponent: {fileID: 1643023115679826599}
    targetName: ProjectileSpeed
    targetGlobal: 0
    animator: {fileID: 0}
    animatorParameterType: 0
    targetID: 0
  - synchronizationType: 1
    setVariable: 1
    behavior: {fileID: 4013604516164648668}
    variableName: Armor
    global: 0
    targetComponent: {fileID: 1643023115679826599}
    targetName: Armor
    targetGlobal: 0
    animator: {fileID: 0}
    animatorParameterType: 0
    targetID: 0
  - synchronizationType: 0
    setVariable: 1
    behavior: {fileID: 4013604516164648668}
    variableName: EnemyTag
    global: 0
    targetComponent: {fileID: 4013604516164648668}
    targetName: EnemyTag
    targetGlobal: 0
    animator: {fileID: 0}
    animatorParameterType: 0
    targetID: 0
  - synchronizationType: 1
    setVariable: 1
    behavior: {fileID: 4013604516164648668}
    variableName: MainTarget
    global: 0
    targetComponent: {fileID: 1643023115679826599}
    targetName: MainTarget
    targetGlobal: 0
    animator: {fileID: 0}
    animatorParameterType: 0
    targetID: 0
  - synchronizationType: 1
    setVariable: 1
    behavior: {fileID: 4013604516164648668}
    variableName: IsInit
    global: 0
    targetComponent: {fileID: 1643023115679826599}
    targetName: IsInit
    targetGlobal: 0
    animator: {fileID: 0}
    animatorParameterType: 0
    targetID: 0
  - synchronizationType: 1
    setVariable: 1
    behavior: {fileID: 4013604516164648668}
    variableName: RotationSpeed
    global: 0
    targetComponent: {fileID: 1643023115679826599}
    targetName: RotationSpeed
    targetGlobal: 0
    animator: {fileID: 0}
    animatorParameterType: 0
    targetID: 0
  - synchronizationType: 1
    setVariable: 1
    behavior: {fileID: 4013604516164648668}
    variableName: AttackCooldown
    global: 0
    targetComponent: {fileID: 1643023115679826599}
    targetName: AttackCooldown
    targetGlobal: 0
    animator: {fileID: 0}
    animatorParameterType: 0
    targetID: 0
  - synchronizationType: 1
    setVariable: 1
    behavior: {fileID: 4013604516164648668}
    variableName: AttackAnimationDuration
    global: 0
    targetComponent: {fileID: 9142082599131410117}
    targetName: AttackAnimationDuration
    targetGlobal: 0
    animator: {fileID: 0}
    animatorParameterType: 0
    targetID: 0
--- !u!114 &4013604516164648668
MonoBehaviour:
  m_ObjectHideFlags: 0
  m_CorrespondingSourceObject: {fileID: 0}
  m_PrefabInstance: {fileID: 0}
  m_PrefabAsset: {fileID: 0}
  m_GameObject: {fileID: 399936507265037841}
  m_Enabled: 1
  m_EditorHideFlags: 0
  m_Script: {fileID: 11500000, guid: 8d7b55c7ecdb49a4a89fa5e6f9022861, type: 3}
  m_Name: 
  m_EditorClassIdentifier: 
  startWhenEnabled: 1
  asynchronousLoad: 0
  pauseWhenDisabled: 1
  restartWhenComplete: 1
  logTaskChanges: 0
  group: 0
  resetValuesOnRestart: 0
  externalBehavior: {fileID: 0}
  mBehaviorSource:
    behaviorName: RangerInvader
    behaviorDescription: 
    mTaskData:
      types: []
      parentIndex: 
      startIndex: 
      variableStartIndex: 
      JSONSerialization: '{"EntryTask":{"Type":"BehaviorDesigner.Runtime.Tasks.EntryTask","NodeData":{"Offset":"(422,30)"},"ID":0,"Name":"Entry","Instant":true},"RootTask":{"Type":"BehaviorDesigner.Runtime.Tasks.Sequence","NodeData":{"Offset":"(2,100)"},"ID":1,"Name":"Sequence","Instant":true,"AbortTypeabortType":"None","Children":[{"Type":"IsInit","NodeData":{"Offset":"(-83.3659058,97.5610352)"},"ID":2,"Name":"Is
        Init","Instant":true,"SharedBoolisInit":{"Type":"BehaviorDesigner.Runtime.SharedBool","Name":"IsInit","IsShared":true,"BooleanmValue":false}},{"Type":"BehaviorDesigner.Runtime.Tasks.Parallel","NodeData":{"Offset":"(86.85505,102.309341)"},"ID":3,"Name":"Parallel","Instant":true,"AbortTypeabortType":"None","Children":[{"Type":"BehaviorDesigner.Runtime.Tasks.Repeater","NodeData":{"Offset":"(-102.338928,125.033051)"},"ID":4,"Name":"Repeater","Instant":true,"SharedIntcount":{"Type":"BehaviorDesigner.Runtime.SharedInt","Name":null,"Int32mValue":0},"SharedBoolrepeatForever":{"Type":"BehaviorDesigner.Runtime.SharedBool","Name":null,"BooleanmValue":true},"SharedBoolendOnFailure":{"Type":"BehaviorDesigner.Runtime.SharedBool","Name":null,"BooleanmValue":false},"Children":[{"Type":"GoToPoint","NodeData":{"Offset":"(0,130)"},"ID":5,"Name":"Go
        To Point","Instant":true,"LayerMaskpropsLayer":2048,"SharedFloatspeed":{"Type":"BehaviorDesigner.Runtime.SharedFloat","Name":"SpeedByCell","IsShared":true,"SinglemValue":0},"SharedTransformtarget":{"Type":"BehaviorDesigner.Runtime.SharedTransform","Name":"MainTarget","IsShared":true},"SharedVector3Listpath":{"Type":"BehaviorDesigner.Runtime.SharedVector3List","Name":"Path","IsShared":true,"List`1mValue":[]},"SharedBoolisEnemyNear":{"Type":"BehaviorDesigner.Runtime.SharedBool","Name":"IsEnemyNear","IsShared":true,"BooleanmValue":false},"SharedBoolisPathComplete":{"Type":"BehaviorDesigner.Runtime.SharedBool","Name":"IsPathComplete","IsShared":true,"BooleanmValue":true}}]},{"Type":"BehaviorDesigner.Runtime.Tasks.Repeater","NodeData":{"Offset":"(80,130)"},"ID":6,"Name":"Repeater","Instant":true,"SharedIntcount":{"Type":"BehaviorDesigner.Runtime.SharedInt","Name":null,"Int32mValue":0},"SharedBoolrepeatForever":{"Type":"BehaviorDesigner.Runtime.SharedBool","Name":null,"BooleanmValue":true},"SharedBoolendOnFailure":{"Type":"BehaviorDesigner.Runtime.SharedBool","Name":null,"BooleanmValue":false},"Children":[{"Type":"BehaviorDesigner.Runtime.Tasks.Sequence","NodeData":{"Offset":"(0,120)"},"ID":7,"Name":"Sequence","Instant":true,"AbortTypeabortType":"None","Children":[{"Type":"WithinSight","NodeData":{"Offset":"(-183.684219,153.1579)"},"ID":8,"Name":"Within
        Sight","Instant":true,"SinglefieldOfViewAngle":90,"SharedFloatreachDistance":{"Type":"BehaviorDesigner.Runtime.SharedFloat","Name":"AttackRange","IsShared":true,"SinglemValue":0},"SharedStringtargetTag":{"Type":"BehaviorDesigner.Runtime.SharedString","Name":"EnemyTag","IsShared":true,"StringmValue":"Defender"},"SharedTransformtarget":{"Type":"BehaviorDesigner.Runtime.SharedTransform","Name":"Target","IsShared":true},"SharedTransformListpossibleTargets":{"Type":"BehaviorDesigner.Runtime.SharedTransformList","Name":"PossibleTargets","IsShared":true,"List`1mValue":[]},"SharedBoolisEnemyNear":{"Type":"BehaviorDesigner.Runtime.SharedBool","Name":"IsEnemyNear","IsShared":true,"BooleanmValue":false}},{"Type":"WithinReach","NodeData":{"Offset":"(-48.51162,162.956665)"},"ID":9,"Name":"Within
        Reach","Instant":true,"SharedFloatreachDistance":{"Type":"BehaviorDesigner.Runtime.SharedFloat","Name":"AttackRange","IsShared":true,"SinglemValue":0},"SharedTransformtarget":{"Type":"BehaviorDesigner.Runtime.SharedTransform","Name":"Target","IsShared":true},"SharedBoolisEnemyNear":{"Type":"BehaviorDesigner.Runtime.SharedBool","Name":"IsEnemyNear","IsShared":true,"BooleanmValue":false}},{"Type":"LookAt","NodeData":{"Offset":"(58.7880859,150.7243)"},"ID":10,"Name":"Look
        At","Instant":true,"SharedFloatreachDistance":{"Type":"BehaviorDesigner.Runtime.SharedFloat","Name":"AttackRange","IsShared":true,"SinglemValue":0},"SinglefieldOfViewAngle":5,"SharedTransformtarget":{"Type":"BehaviorDesigner.Runtime.SharedTransform","Name":"Target","IsShared":true},"SharedFloatrotationSpeed":{"Type":"BehaviorDesigner.Runtime.SharedFloat","Name":"RotationSpeed","IsShared":true,"SinglemValue":0},"Single_minDistance":1,"Single_maxFieldOfViewAngle":10},{"Type":"Shoot","NodeData":{"Offset":"(168.687836,149)"},"ID":11,"Name":"Shoot","Instant":true,"SharedTransformtarget":{"Type":"BehaviorDesigner.Runtime.SharedTransform","Name":"Target","IsShared":true}},{"Type":"BehaviorDesigner.Runtime.Tasks.Wait","NodeData":{"Offset":"(290.7259,157.994446)"},"ID":12,"Name":"Wait","Instant":true,"SharedFloatwaitTime":{"Type":"BehaviorDesigner.Runtime.SharedFloat","Name":"AttackAnimationDuration","IsShared":true,"SinglemValue":0},"SharedBoolrandomWait":{"Type":"BehaviorDesigner.Runtime.SharedBool","Name":null,"BooleanmValue":false},"SharedFloatrandomWaitMin":{"Type":"BehaviorDesigner.Runtime.SharedFloat","Name":null,"SinglemValue":1},"SharedFloatrandomWaitMax":{"Type":"BehaviorDesigner.Runtime.SharedFloat","Name":null,"SinglemValue":1}},{"Type":"PlayIdleAnimation","NodeData":{"Offset":"(449.8922,147.161133)"},"ID":13,"Name":"Play
        Idle Animation","Instant":true,"SharedTransformtarget":{"Type":"BehaviorDesigner.Runtime.SharedTransform","Name":"Target","IsShared":true},"SharedTransformListpossibleTargets":{"Type":"BehaviorDesigner.Runtime.SharedTransformList","Name":"PossibleTargets","IsShared":true,"List`1mValue":[]}},{"Type":"BehaviorDesigner.Runtime.Tasks.Wait","NodeData":{"Offset":"(601.3737,146)"},"ID":14,"Name":"Wait","Instant":true,"SharedFloatwaitTime":{"Type":"BehaviorDesigner.Runtime.SharedFloat","Name":"AttackCooldown","IsShared":true,"SinglemValue":0},"SharedBoolrandomWait":{"Type":"BehaviorDesigner.Runtime.SharedBool","Name":null,"BooleanmValue":false},"SharedFloatrandomWaitMin":{"Type":"BehaviorDesigner.Runtime.SharedFloat","Name":null,"SinglemValue":1},"SharedFloatrandomWaitMax":{"Type":"BehaviorDesigner.Runtime.SharedFloat","Name":null,"SinglemValue":1}}]}]},{"Type":"BehaviorDesigner.Runtime.Tasks.Repeater","NodeData":{"Offset":"(885.832458,132.324585)"},"ID":15,"Name":"Repeater","Instant":true,"SharedIntcount":{"Type":"BehaviorDesigner.Runtime.SharedInt","Name":null,"Int32mValue":0},"SharedBoolrepeatForever":{"Type":"BehaviorDesigner.Runtime.SharedBool","Name":null,"BooleanmValue":true},"SharedBoolendOnFailure":{"Type":"BehaviorDesigner.Runtime.SharedBool","Name":null,"BooleanmValue":false},"Children":[{"Type":"BehaviorDesigner.Runtime.Tasks.Sequence","NodeData":{"Offset":"(0,120)"},"ID":16,"Name":"Sequence","Instant":true,"AbortTypeabortType":"None","Children":[{"Type":"WithinSightProps","NodeData":{"Offset":"(-4.378906,146.660217)"},"ID":17,"Name":"Within
        Sight Props","Instant":true,"LayerMaskpropsLayer":2048,"SharedTransformmainTarget":{"Type":"BehaviorDesigner.Runtime.SharedTransform","Name":"MainTarget","IsShared":true},"SharedTransformtarget":{"Type":"BehaviorDesigner.Runtime.SharedTransform","Name":"Target","IsShared":true},"SharedBoolisEnemyNear":{"Type":"BehaviorDesigner.Runtime.SharedBool","Name":"IsEnemyNear","IsShared":true,"BooleanmValue":false},"SharedBoolisPathComplete":{"Type":"BehaviorDesigner.Runtime.SharedBool","Name":"IsPathComplete","IsShared":true,"BooleanmValue":true}},{"Type":"LookAt","NodeData":{"Offset":"(129.090454,147.61528)"},"ID":18,"Name":"Look
        At","Instant":true,"SharedFloatreachDistance":{"Type":"BehaviorDesigner.Runtime.SharedFloat","Name":"AttackRange","IsShared":true,"SinglemValue":0},"SinglefieldOfViewAngle":5,"SharedTransformtarget":{"Type":"BehaviorDesigner.Runtime.SharedTransform","Name":"Target","IsShared":true},"SharedFloatrotationSpeed":{"Type":"BehaviorDesigner.Runtime.SharedFloat","Name":"RotationSpeed","IsShared":true,"SinglemValue":0},"Single_minDistance":1,"Single_maxFieldOfViewAngle":10},{"Type":"Shoot","NodeData":{"Offset":"(239.0907,147.61528)"},"ID":19,"Name":"Shoot","Instant":true,"SharedTransformtarget":{"Type":"BehaviorDesigner.Runtime.SharedTransform","Name":"Target","IsShared":true}},{"Type":"BehaviorDesigner.Runtime.Tasks.Wait","NodeData":{"Offset":"(364.892944,161.32782)"},"ID":20,"Name":"Wait","Instant":true,"SharedFloatwaitTime":{"Type":"BehaviorDesigner.Runtime.SharedFloat","Name":"AttackAnimationDuration","IsShared":true,"SinglemValue":0},"SharedBoolrandomWait":{"Type":"BehaviorDesigner.Runtime.SharedBool","Name":null,"BooleanmValue":false},"SharedFloatrandomWaitMin":{"Type":"BehaviorDesigner.Runtime.SharedFloat","Name":null,"SinglemValue":1},"SharedFloatrandomWaitMax":{"Type":"BehaviorDesigner.Runtime.SharedFloat","Name":null,"SinglemValue":1}},{"Type":"PlayIdleAnimation","NodeData":{"Offset":"(503.2262,150.4945)"},"ID":21,"Name":"Play
        Idle Animation","Instant":true,"SharedTransformtarget":{"Type":"BehaviorDesigner.Runtime.SharedTransform","Name":"Target","IsShared":true},"SharedTransformListpossibleTargets":{"Type":"BehaviorDesigner.Runtime.SharedTransformList","Name":null,"List`1mValue":[]}},{"Type":"BehaviorDesigner.Runtime.Tasks.Wait","NodeData":{"Offset":"(634.0906,147.61528)"},"ID":22,"Name":"Wait","Instant":true,"SharedFloatwaitTime":{"Type":"BehaviorDesigner.Runtime.SharedFloat","Name":"AttackCooldown","IsShared":true,"SinglemValue":0},"SharedBoolrandomWait":{"Type":"BehaviorDesigner.Runtime.SharedBool","Name":null,"BooleanmValue":false},"SharedFloatrandomWaitMin":{"Type":"BehaviorDesigner.Runtime.SharedFloat","Name":null,"SinglemValue":1},"SharedFloatrandomWaitMax":{"Type":"BehaviorDesigner.Runtime.SharedFloat","Name":null,"SinglemValue":1}}]}]}]}]},"Variables":[{"Type":"BehaviorDesigner.Runtime.SharedBool","Name":"IsInit","IsShared":true,"BooleanmValue":false},{"Type":"BehaviorDesigner.Runtime.SharedString","Name":"EnemyTag","IsShared":true,"StringmValue":"Defender"},{"Type":"BehaviorDesigner.Runtime.SharedTransformList","Name":"PossibleTargets","IsShared":true,"List`1mValue":[]},{"Type":"BehaviorDesigner.Runtime.SharedTransform","Name":"MainTarget","IsShared":true},{"Type":"BehaviorDesigner.Runtime.SharedTransform","Name":"Target","IsShared":true},{"Type":"BehaviorDesigner.Runtime.SharedBool","Name":"IsEnemyNear","IsShared":true,"BooleanmValue":false},{"Type":"BehaviorDesigner.Runtime.SharedVector3List","Name":"Path","IsShared":true,"List`1mValue":[]},{"Type":"BehaviorDesigner.Runtime.SharedFloat","Name":"RotationSpeed","IsShared":true,"SinglemValue":0},{"Type":"BehaviorDesigner.Runtime.SharedFloat","Name":"SpeedByCell","IsShared":true,"SinglemValue":0},{"Type":"BehaviorDesigner.Runtime.SharedFloat","Name":"AttackRange","IsShared":true,"SinglemValue":0},{"Type":"BehaviorDesigner.Runtime.SharedFloat","Name":"AttackCooldown","IsShared":true,"SinglemValue":0},{"Type":"BehaviorDesigner.Runtime.SharedFloat","Name":"AttackDamage","IsShared":true,"SinglemValue":0},{"Type":"BehaviorDesigner.Runtime.SharedFloat","Name":"HealthPoints","IsShared":true,"SinglemValue":0},{"Type":"BehaviorDesigner.Runtime.SharedFloat","Name":"ProjectileSpeed","IsShared":true,"SinglemValue":0},{"Type":"BehaviorDesigner.Runtime.SharedFloat","Name":"Armor","IsShared":true,"SinglemValue":0.63},{"Type":"BehaviorDesigner.Runtime.SharedBool","Name":"IsPathComplete","IsShared":true,"BooleanmValue":true},{"Type":"BehaviorDesigner.Runtime.SharedFloat","Name":"AttackAnimationDuration","IsShared":true,"SinglemValue":0}]}'
      fieldSerializationData:
        typeName: []
        fieldNameHash: 
        startIndex: 
        dataPosition: 
        unityObjects: []
        byteData: 
        byteDataArray: 
      Version: 1.7.7
  gizmoViewMode: 2
  showBehaviorDesignerGizmo: 1
--- !u!195 &3313515379037533168
NavMeshAgent:
  m_ObjectHideFlags: 0
  m_CorrespondingSourceObject: {fileID: 0}
  m_PrefabInstance: {fileID: 0}
  m_PrefabAsset: {fileID: 0}
  m_GameObject: {fileID: 399936507265037841}
  m_Enabled: 1
  m_AgentTypeID: 0
  m_Radius: 0.5
  m_Speed: 3.5
  m_Acceleration: 10
  avoidancePriority: 50
  m_AngularSpeed: 120
  m_StoppingDistance: 0
  m_AutoTraverseOffMeshLink: 1
  m_AutoBraking: 1
  m_AutoRepath: 1
  m_Height: 2
  m_BaseOffset: 0
  m_WalkableMask: 4294967295
  m_ObstacleAvoidanceType: 4
--- !u!136 &967620121929763229
CapsuleCollider:
  m_ObjectHideFlags: 0
  m_CorrespondingSourceObject: {fileID: 0}
  m_PrefabInstance: {fileID: 0}
  m_PrefabAsset: {fileID: 0}
  m_GameObject: {fileID: 399936507265037841}
  m_Material: {fileID: 0}
  m_IncludeLayers:
    serializedVersion: 2
    m_Bits: 0
  m_ExcludeLayers:
    serializedVersion: 2
    m_Bits: 0
  m_LayerOverridePriority: 0
  m_IsTrigger: 0
  m_ProvidesContacts: 0
  m_Enabled: 1
  serializedVersion: 2
  m_Radius: 0.5
  m_Height: 2
  m_Direction: 1
  m_Center: {x: 0, y: 1, z: 0}
--- !u!54 &7049337172945699316
Rigidbody:
  m_ObjectHideFlags: 0
  m_CorrespondingSourceObject: {fileID: 0}
  m_PrefabInstance: {fileID: 0}
  m_PrefabAsset: {fileID: 0}
  m_GameObject: {fileID: 399936507265037841}
  serializedVersion: 4
  m_Mass: 1
  m_Drag: 0
  m_AngularDrag: 0.05
  m_CenterOfMass: {x: 0, y: 0, z: 0}
  m_InertiaTensor: {x: 1, y: 1, z: 1}
  m_InertiaRotation: {x: 0, y: 0, z: 0, w: 1}
  m_IncludeLayers:
    serializedVersion: 2
    m_Bits: 0
  m_ExcludeLayers:
    serializedVersion: 2
    m_Bits: 0
  m_ImplicitCom: 1
  m_ImplicitTensor: 1
  m_UseGravity: 1
  m_IsKinematic: 1
  m_Interpolate: 0
  m_Constraints: 0
  m_CollisionDetection: 0
--- !u!95 &1188984670182846508
Animator:
  serializedVersion: 5
  m_ObjectHideFlags: 0
  m_CorrespondingSourceObject: {fileID: 0}
  m_PrefabInstance: {fileID: 0}
  m_PrefabAsset: {fileID: 0}
  m_GameObject: {fileID: 399936507265037841}
  m_Enabled: 1
  m_Avatar: {fileID: 0}
  m_Controller: {fileID: 9100000, guid: b029960f520b8d64aaec267e2056da04, type: 2}
  m_CullingMode: 0
  m_UpdateMode: 0
  m_ApplyRootMotion: 0
  m_LinearVelocityBlending: 0
  m_StabilizeFeet: 0
  m_WarningMessage: 
  m_HasTransformHierarchy: 1
  m_AllowConstantClipSamplingOptimization: 1
  m_KeepAnimatorStateOnDisable: 0
  m_WriteDefaultValuesOnDisable: 0
--- !u!1 &1121210406782005283
GameObject:
  m_ObjectHideFlags: 0
  m_CorrespondingSourceObject: {fileID: 0}
  m_PrefabInstance: {fileID: 0}
  m_PrefabAsset: {fileID: 0}
  serializedVersion: 6
  m_Component:
  - component: {fileID: 152329221657521778}
  m_Layer: 8
  m_Name: ProjectileStartPosition
  m_TagString: Untagged
  m_Icon: {fileID: 0}
  m_NavMeshLayer: 0
  m_StaticEditorFlags: 0
  m_IsActive: 1
--- !u!4 &152329221657521778
Transform:
  m_ObjectHideFlags: 0
  m_CorrespondingSourceObject: {fileID: 0}
  m_PrefabInstance: {fileID: 0}
  m_PrefabAsset: {fileID: 0}
  m_GameObject: {fileID: 1121210406782005283}
  serializedVersion: 2
  m_LocalRotation: {x: -0, y: -0, z: -0, w: 1}
  m_LocalPosition: {x: 0.5, y: 1, z: 0.95000005}
  m_LocalScale: {x: 1, y: 1, z: 1}
  m_ConstrainProportionsScale: 0
  m_Children: []
  m_Father: {fileID: 4233473966276321159}
  m_LocalEulerAnglesHint: {x: 0, y: 0, z: 0}
--- !u!1 &1744654531795723512
GameObject:
  m_ObjectHideFlags: 0
  m_CorrespondingSourceObject: {fileID: 0}
  m_PrefabInstance: {fileID: 0}
  m_PrefabAsset: {fileID: 0}
  serializedVersion: 6
  m_Component:
  - component: {fileID: 6016360049407073895}
  - component: {fileID: 7732269859603919245}
  - component: {fileID: 8197728796294555409}
  - component: {fileID: 4261237197151961239}
  - component: {fileID: 9145369737207512228}
  - component: {fileID: 2419952751022508038}
  m_Layer: 8
  m_Name: Body
  m_TagString: Untagged
  m_Icon: {fileID: 0}
  m_NavMeshLayer: 0
  m_StaticEditorFlags: 0
  m_IsActive: 1
--- !u!4 &6016360049407073895
Transform:
  m_ObjectHideFlags: 0
  m_CorrespondingSourceObject: {fileID: 0}
  m_PrefabInstance: {fileID: 0}
  m_PrefabAsset: {fileID: 0}
  m_GameObject: {fileID: 1744654531795723512}
  serializedVersion: 2
  m_LocalRotation: {x: -0, y: -0, z: -0, w: 1}
  m_LocalPosition: {x: 0, y: 1, z: 0}
  m_LocalScale: {x: 1, y: 1, z: 1}
  m_ConstrainProportionsScale: 0
  m_Children: []
  m_Father: {fileID: 4233473966276321159}
  m_LocalEulerAnglesHint: {x: 0, y: 0, z: 0}
--- !u!33 &7732269859603919245
MeshFilter:
  m_ObjectHideFlags: 0
  m_CorrespondingSourceObject: {fileID: 0}
  m_PrefabInstance: {fileID: 0}
  m_PrefabAsset: {fileID: 0}
  m_GameObject: {fileID: 1744654531795723512}
  m_Mesh: {fileID: 10208, guid: 0000000000000000e000000000000000, type: 0}
--- !u!23 &8197728796294555409
MeshRenderer:
  m_ObjectHideFlags: 0
  m_CorrespondingSourceObject: {fileID: 0}
  m_PrefabInstance: {fileID: 0}
  m_PrefabAsset: {fileID: 0}
  m_GameObject: {fileID: 1744654531795723512}
  m_Enabled: 1
  m_CastShadows: 1
  m_ReceiveShadows: 1
  m_DynamicOccludee: 1
  m_StaticShadowCaster: 0
  m_MotionVectors: 1
  m_LightProbeUsage: 1
  m_ReflectionProbeUsage: 1
  m_RayTracingMode: 2
  m_RayTraceProcedural: 0
  m_RenderingLayerMask: 1
  m_RendererPriority: 0
  m_Materials:
  - {fileID: 2100000, guid: 5aac041f69e225549bcc7c62b9c4f30c, type: 2}
  m_StaticBatchInfo:
    firstSubMesh: 0
    subMeshCount: 0
  m_StaticBatchRoot: {fileID: 0}
  m_ProbeAnchor: {fileID: 0}
  m_LightProbeVolumeOverride: {fileID: 0}
  m_ScaleInLightmap: 1
  m_ReceiveGI: 1
  m_PreserveUVs: 0
  m_IgnoreNormalsForChartDetection: 0
  m_ImportantGI: 0
  m_StitchLightmapSeams: 1
  m_SelectedEditorRenderState: 3
  m_MinimumChartSize: 4
  m_AutoUVMaxDistance: 0.5
  m_AutoUVMaxAngle: 89
  m_LightmapParameters: {fileID: 0}
  m_SortingLayerID: 0
  m_SortingLayer: 0
  m_SortingOrder: 0
  m_AdditionalVertexStreams: {fileID: 0}
--- !u!136 &4261237197151961239
CapsuleCollider:
  m_ObjectHideFlags: 0
  m_CorrespondingSourceObject: {fileID: 0}
  m_PrefabInstance: {fileID: 0}
  m_PrefabAsset: {fileID: 0}
  m_GameObject: {fileID: 1744654531795723512}
  m_Material: {fileID: 0}
  m_IncludeLayers:
    serializedVersion: 2
    m_Bits: 0
  m_ExcludeLayers:
    serializedVersion: 2
    m_Bits: 0
  m_LayerOverridePriority: 0
  m_IsTrigger: 0
  m_ProvidesContacts: 0
  m_Enabled: 0
  serializedVersion: 2
  m_Radius: 0.5
  m_Height: 2
  m_Direction: 1
  m_Center: {x: 0, y: 0, z: 0}
--- !u!54 &9145369737207512228
Rigidbody:
  m_ObjectHideFlags: 0
  m_CorrespondingSourceObject: {fileID: 0}
  m_PrefabInstance: {fileID: 0}
  m_PrefabAsset: {fileID: 0}
  m_GameObject: {fileID: 1744654531795723512}
  serializedVersion: 4
  m_Mass: 1
  m_Drag: 0
  m_AngularDrag: 0.05
  m_CenterOfMass: {x: 0, y: 0, z: 0}
  m_InertiaTensor: {x: 1, y: 1, z: 1}
  m_InertiaRotation: {x: 0, y: 0, z: 0, w: 1}
  m_IncludeLayers:
    serializedVersion: 2
    m_Bits: 0
  m_ExcludeLayers:
    serializedVersion: 2
    m_Bits: 0
  m_ImplicitCom: 1
  m_ImplicitTensor: 1
  m_UseGravity: 1
  m_IsKinematic: 1
  m_Interpolate: 0
  m_Constraints: 0
  m_CollisionDetection: 0
--- !u!114 &2419952751022508038
MonoBehaviour:
  m_ObjectHideFlags: 0
  m_CorrespondingSourceObject: {fileID: 0}
  m_PrefabInstance: {fileID: 0}
  m_PrefabAsset: {fileID: 0}
  m_GameObject: {fileID: 1744654531795723512}
  m_Enabled: 1
  m_EditorHideFlags: 0
  m_Script: {fileID: 11500000, guid: 4e29e0387dcbcfe4bb1cb89b5dd09d3a, type: 3}
  m_Name: 
  m_EditorClassIdentifier: 
  _ragdollController: {fileID: 6307384364766922828}
--- !u!1 &5790779662766222565
GameObject:
  m_ObjectHideFlags: 0
  m_CorrespondingSourceObject: {fileID: 0}
  m_PrefabInstance: {fileID: 0}
  m_PrefabAsset: {fileID: 0}
  serializedVersion: 6
  m_Component:
  - component: {fileID: 645656205837594098}
  - component: {fileID: 5497187028109142162}
  - component: {fileID: 3215578662002948570}
  - component: {fileID: 1998453225061401923}
  - component: {fileID: 4290612244709099640}
  - component: {fileID: 2246738857749805040}
  m_Layer: 8
  m_Name: Weapon
  m_TagString: Untagged
  m_Icon: {fileID: 0}
  m_NavMeshLayer: 0
  m_StaticEditorFlags: 0
  m_IsActive: 1
--- !u!4 &645656205837594098
Transform:
  m_ObjectHideFlags: 0
  m_CorrespondingSourceObject: {fileID: 0}
  m_PrefabInstance: {fileID: 0}
  m_PrefabAsset: {fileID: 0}
  m_GameObject: {fileID: 5790779662766222565}
  serializedVersion: 2
  m_LocalRotation: {x: -0, y: -0, z: -0, w: 1}
  m_LocalPosition: {x: 0.5, y: 1, z: 0.5}
  m_LocalScale: {x: 0.1, y: 0.1, z: 1}
  m_ConstrainProportionsScale: 0
  m_Children: []
  m_Father: {fileID: 4233473966276321159}
  m_LocalEulerAnglesHint: {x: 0, y: 0, z: 0}
--- !u!33 &5497187028109142162
MeshFilter:
  m_ObjectHideFlags: 0
  m_CorrespondingSourceObject: {fileID: 0}
  m_PrefabInstance: {fileID: 0}
  m_PrefabAsset: {fileID: 0}
  m_GameObject: {fileID: 5790779662766222565}
  m_Mesh: {fileID: 10202, guid: 0000000000000000e000000000000000, type: 0}
--- !u!23 &3215578662002948570
MeshRenderer:
  m_ObjectHideFlags: 0
  m_CorrespondingSourceObject: {fileID: 0}
  m_PrefabInstance: {fileID: 0}
  m_PrefabAsset: {fileID: 0}
  m_GameObject: {fileID: 5790779662766222565}
  m_Enabled: 1
  m_CastShadows: 1
  m_ReceiveShadows: 1
  m_DynamicOccludee: 1
  m_StaticShadowCaster: 0
  m_MotionVectors: 1
  m_LightProbeUsage: 1
  m_ReflectionProbeUsage: 1
  m_RayTracingMode: 2
  m_RayTraceProcedural: 0
  m_RenderingLayerMask: 1
  m_RendererPriority: 0
  m_Materials:
  - {fileID: 2100000, guid: 5aac041f69e225549bcc7c62b9c4f30c, type: 2}
  m_StaticBatchInfo:
    firstSubMesh: 0
    subMeshCount: 0
  m_StaticBatchRoot: {fileID: 0}
  m_ProbeAnchor: {fileID: 0}
  m_LightProbeVolumeOverride: {fileID: 0}
  m_ScaleInLightmap: 1
  m_ReceiveGI: 1
  m_PreserveUVs: 0
  m_IgnoreNormalsForChartDetection: 0
  m_ImportantGI: 0
  m_StitchLightmapSeams: 1
  m_SelectedEditorRenderState: 3
  m_MinimumChartSize: 4
  m_AutoUVMaxDistance: 0.5
  m_AutoUVMaxAngle: 89
  m_LightmapParameters: {fileID: 0}
  m_SortingLayerID: 0
  m_SortingLayer: 0
  m_SortingOrder: 0
  m_AdditionalVertexStreams: {fileID: 0}
--- !u!65 &1998453225061401923
BoxCollider:
  m_ObjectHideFlags: 0
  m_CorrespondingSourceObject: {fileID: 0}
  m_PrefabInstance: {fileID: 0}
  m_PrefabAsset: {fileID: 0}
  m_GameObject: {fileID: 5790779662766222565}
  m_Material: {fileID: 0}
  m_IncludeLayers:
    serializedVersion: 2
    m_Bits: 0
  m_ExcludeLayers:
    serializedVersion: 2
    m_Bits: 0
  m_LayerOverridePriority: 0
  m_IsTrigger: 0
  m_ProvidesContacts: 0
  m_Enabled: 1
  serializedVersion: 3
  m_Size: {x: 1, y: 1, z: 1}
  m_Center: {x: 0, y: 0, z: 0}
--- !u!54 &4290612244709099640
Rigidbody:
  m_ObjectHideFlags: 0
  m_CorrespondingSourceObject: {fileID: 0}
  m_PrefabInstance: {fileID: 0}
  m_PrefabAsset: {fileID: 0}
  m_GameObject: {fileID: 5790779662766222565}
  serializedVersion: 4
  m_Mass: 1
  m_Drag: 0
  m_AngularDrag: 0.05
  m_CenterOfMass: {x: 0, y: 0, z: 0}
  m_InertiaTensor: {x: 1, y: 1, z: 1}
  m_InertiaRotation: {x: 0, y: 0, z: 0, w: 1}
  m_IncludeLayers:
    serializedVersion: 2
    m_Bits: 0
  m_ExcludeLayers:
    serializedVersion: 2
    m_Bits: 0
  m_ImplicitCom: 1
  m_ImplicitTensor: 1
  m_UseGravity: 1
  m_IsKinematic: 0
  m_Interpolate: 0
  m_Constraints: 0
  m_CollisionDetection: 0
--- !u!144 &2246738857749805040
CharacterJoint:
  m_ObjectHideFlags: 0
  m_CorrespondingSourceObject: {fileID: 0}
  m_PrefabInstance: {fileID: 0}
  m_PrefabAsset: {fileID: 0}
  m_GameObject: {fileID: 5790779662766222565}
  m_ConnectedBody: {fileID: 9145369737207512228}
  m_ConnectedArticulationBody: {fileID: 0}
  m_Anchor: {x: -0.5, y: 0, z: -0.45}
  m_Axis: {x: 1, y: 0, z: 0}
  m_AutoConfigureConnectedAnchor: 1
  m_ConnectedAnchor: {x: 0.45, y: 0, z: 0.050000012}
  serializedVersion: 2
  m_SwingAxis: {x: 0, y: 1, z: 0}
  m_TwistLimitSpring:
    spring: 0
    damper: 0
  m_LowTwistLimit:
    limit: -20
    bounciness: 0
    contactDistance: 0
  m_HighTwistLimit:
    limit: 70
    bounciness: 0
    contactDistance: 0
  m_SwingLimitSpring:
    spring: 0
    damper: 0
  m_Swing1Limit:
    limit: 40
    bounciness: 0
    contactDistance: 0
  m_Swing2Limit:
    limit: 40
    bounciness: 0
    contactDistance: 0
  m_EnableProjection: 0
  m_ProjectionDistance: 0.1
  m_ProjectionAngle: 180
  m_BreakForce: Infinity
  m_BreakTorque: Infinity
  m_EnableCollision: 0
  m_EnablePreprocessing: 1
  m_MassScale: 1
  m_ConnectedMassScale: 1
--- !u!1 &8369031641027179501
GameObject:
  m_ObjectHideFlags: 0
  m_CorrespondingSourceObject: {fileID: 0}
  m_PrefabInstance: {fileID: 0}
  m_PrefabAsset: {fileID: 0}
  serializedVersion: 6
  m_Component:
  - component: {fileID: 7781376580259779996}
  - component: {fileID: 7148397829308043491}
  - component: {fileID: 3669471814480869272}
  - component: {fileID: 3254286312377238054}
  - component: {fileID: 1326990516767208417}
  m_Layer: 8
  m_Name: DamagePopupText
  m_TagString: Untagged
  m_Icon: {fileID: 0}
  m_NavMeshLayer: 0
  m_StaticEditorFlags: 0
  m_IsActive: 1
--- !u!224 &7781376580259779996
RectTransform:
  m_ObjectHideFlags: 0
  m_CorrespondingSourceObject: {fileID: 0}
  m_PrefabInstance: {fileID: 0}
  m_PrefabAsset: {fileID: 0}
  m_GameObject: {fileID: 8369031641027179501}
  m_LocalRotation: {x: -0, y: -0, z: -0, w: 1}
  m_LocalPosition: {x: 0, y: 0, z: 0}
  m_LocalScale: {x: -1, y: 1, z: 1}
  m_ConstrainProportionsScale: 0
  m_Children: []
  m_Father: {fileID: 4233473966276321159}
  m_LocalEulerAnglesHint: {x: 0, y: 0, z: 0}
  m_AnchorMin: {x: 0.5, y: 0.5}
  m_AnchorMax: {x: 0.5, y: 0.5}
  m_AnchoredPosition: {x: 0, y: 2.6}
  m_SizeDelta: {x: 2.7986, y: 2.0068}
  m_Pivot: {x: 0.5, y: 0.5}
--- !u!23 &7148397829308043491
MeshRenderer:
  m_ObjectHideFlags: 0
  m_CorrespondingSourceObject: {fileID: 0}
  m_PrefabInstance: {fileID: 0}
  m_PrefabAsset: {fileID: 0}
  m_GameObject: {fileID: 8369031641027179501}
  m_Enabled: 1
  m_CastShadows: 0
  m_ReceiveShadows: 0
  m_DynamicOccludee: 1
  m_StaticShadowCaster: 0
  m_MotionVectors: 1
  m_LightProbeUsage: 1
  m_ReflectionProbeUsage: 1
  m_RayTracingMode: 2
  m_RayTraceProcedural: 0
  m_RenderingLayerMask: 1
  m_RendererPriority: 0
  m_Materials:
  - {fileID: 2180264, guid: 8f586378b4e144a9851e7b34d9b748ee, type: 2}
  m_StaticBatchInfo:
    firstSubMesh: 0
    subMeshCount: 0
  m_StaticBatchRoot: {fileID: 0}
  m_ProbeAnchor: {fileID: 0}
  m_LightProbeVolumeOverride: {fileID: 0}
  m_ScaleInLightmap: 1
  m_ReceiveGI: 1
  m_PreserveUVs: 0
  m_IgnoreNormalsForChartDetection: 0
  m_ImportantGI: 0
  m_StitchLightmapSeams: 1
  m_SelectedEditorRenderState: 3
  m_MinimumChartSize: 4
  m_AutoUVMaxDistance: 0.5
  m_AutoUVMaxAngle: 89
  m_LightmapParameters: {fileID: 0}
  m_SortingLayerID: 0
  m_SortingLayer: 0
  m_SortingOrder: 0
  m_AdditionalVertexStreams: {fileID: 0}
--- !u!114 &3669471814480869272
MonoBehaviour:
  m_ObjectHideFlags: 0
  m_CorrespondingSourceObject: {fileID: 0}
  m_PrefabInstance: {fileID: 0}
  m_PrefabAsset: {fileID: 0}
  m_GameObject: {fileID: 8369031641027179501}
  m_Enabled: 1
  m_EditorHideFlags: 0
  m_Script: {fileID: 11500000, guid: 9541d86e2fd84c1d9990edf0852d74ab, type: 3}
  m_Name: 
  m_EditorClassIdentifier: 
  m_Material: {fileID: 0}
  m_Color: {r: 1, g: 1, b: 1, a: 1}
  m_RaycastTarget: 1
  m_RaycastPadding: {x: 0, y: 0, z: 0, w: 0}
  m_Maskable: 1
  m_OnCullStateChanged:
    m_PersistentCalls:
      m_Calls: []
  m_text: 100
  m_isRightToLeft: 0
  m_fontAsset: {fileID: 11400000, guid: 8f586378b4e144a9851e7b34d9b748ee, type: 2}
  m_sharedMaterial: {fileID: 2180264, guid: 8f586378b4e144a9851e7b34d9b748ee, type: 2}
  m_fontSharedMaterials: []
  m_fontMaterial: {fileID: 0}
  m_fontMaterials: []
  m_fontColor32:
    serializedVersion: 2
    rgba: 4294967295
  m_fontColor: {r: 1, g: 1, b: 1, a: 1}
  m_enableVertexGradient: 0
  m_colorMode: 3
  m_fontColorGradient:
    topLeft: {r: 1, g: 1, b: 1, a: 1}
    topRight: {r: 1, g: 1, b: 1, a: 1}
    bottomLeft: {r: 1, g: 1, b: 1, a: 1}
    bottomRight: {r: 1, g: 1, b: 1, a: 1}
  m_fontColorGradientPreset: {fileID: 0}
  m_spriteAsset: {fileID: 0}
  m_tintAllSprites: 0
  m_StyleSheet: {fileID: 0}
  m_TextStyleHashCode: -1183493901
  m_overrideHtmlColors: 0
  m_faceColor:
    serializedVersion: 2
    rgba: 4294967295
  m_fontSize: 10
  m_fontSizeBase: 10
  m_fontWeight: 400
  m_enableAutoSizing: 0
  m_fontSizeMin: 18
  m_fontSizeMax: 72
  m_fontStyle: 0
  m_HorizontalAlignment: 2
  m_VerticalAlignment: 512
  m_textAlignment: 65535
  m_characterSpacing: 0
  m_wordSpacing: 0
  m_lineSpacing: 0
  m_lineSpacingMax: 0
  m_paragraphSpacing: 0
  m_charWidthMaxAdj: 0
  m_enableWordWrapping: 1
  m_wordWrappingRatios: 0.4
  m_overflowMode: 0
  m_linkedTextComponent: {fileID: 0}
  parentLinkedComponent: {fileID: 0}
  m_enableKerning: 1
  m_enableExtraPadding: 0
  checkPaddingRequired: 0
  m_isRichText: 1
  m_parseCtrlCharacters: 1
  m_isOrthographic: 0
  m_isCullingEnabled: 0
  m_horizontalMapping: 0
  m_verticalMapping: 0
  m_uvLineOffset: 0
  m_geometrySortingOrder: 0
  m_IsTextObjectScaleStatic: 0
  m_VertexBufferAutoSizeReduction: 0
  m_useMaxVisibleDescender: 1
  m_pageToDisplay: 1
  m_margin: {x: 0, y: 0, z: 0, w: 0}
  m_isUsingLegacyAnimationComponent: 0
  m_isVolumetricText: 0
  _SortingLayer: 0
  _SortingLayerID: 0
  _SortingOrder: 0
  m_hasFontAssetChanged: 0
  m_renderer: {fileID: 7148397829308043491}
  m_maskType: 0
--- !u!114 &3254286312377238054
MonoBehaviour:
  m_ObjectHideFlags: 0
  m_CorrespondingSourceObject: {fileID: 0}
  m_PrefabInstance: {fileID: 0}
  m_PrefabAsset: {fileID: 0}
  m_GameObject: {fileID: 8369031641027179501}
  m_Enabled: 1
  m_EditorHideFlags: 0
  m_Script: {fileID: 11500000, guid: a5e70214e83c3374cbb0af450d85b717, type: 3}
  m_Name: 
  m_EditorClassIdentifier: 
--- !u!210 &1326990516767208417
SortingGroup:
  m_ObjectHideFlags: 0
  m_CorrespondingSourceObject: {fileID: 0}
  m_PrefabInstance: {fileID: 0}
  m_PrefabAsset: {fileID: 0}
  m_GameObject: {fileID: 8369031641027179501}
  m_Enabled: 1
  m_SortingLayerID: 0
  m_SortingLayer: 0
  m_SortingOrder: 5
  m_SortAtRoot: 0
--- !u!1001 &7947818884247800517
PrefabInstance:
  m_ObjectHideFlags: 0
  serializedVersion: 2
  m_Modification:
    serializedVersion: 3
    m_TransformParent: {fileID: 4233473966276321159}
    m_Modifications:
    - target: {fileID: 1983855633143513611, guid: 85b97b90f27cd2b44a83c27106d76a84,
        type: 3}
      propertyPath: m_Name
      value: SlowDebuff
      objectReference: {fileID: 0}
    - target: {fileID: 2309529945848706685, guid: 85b97b90f27cd2b44a83c27106d76a84,
        type: 3}
      propertyPath: m_LocalPosition.x
      value: 0
      objectReference: {fileID: 0}
    - target: {fileID: 2309529945848706685, guid: 85b97b90f27cd2b44a83c27106d76a84,
        type: 3}
      propertyPath: m_LocalPosition.y
      value: 0
      objectReference: {fileID: 0}
    - target: {fileID: 2309529945848706685, guid: 85b97b90f27cd2b44a83c27106d76a84,
        type: 3}
      propertyPath: m_LocalPosition.z
      value: 0
      objectReference: {fileID: 0}
    - target: {fileID: 2309529945848706685, guid: 85b97b90f27cd2b44a83c27106d76a84,
        type: 3}
      propertyPath: m_LocalRotation.w
      value: 1
      objectReference: {fileID: 0}
    - target: {fileID: 2309529945848706685, guid: 85b97b90f27cd2b44a83c27106d76a84,
        type: 3}
      propertyPath: m_LocalRotation.x
      value: -0
      objectReference: {fileID: 0}
    - target: {fileID: 2309529945848706685, guid: 85b97b90f27cd2b44a83c27106d76a84,
        type: 3}
      propertyPath: m_LocalRotation.y
      value: -0
      objectReference: {fileID: 0}
    - target: {fileID: 2309529945848706685, guid: 85b97b90f27cd2b44a83c27106d76a84,
        type: 3}
      propertyPath: m_LocalRotation.z
      value: -0
      objectReference: {fileID: 0}
    - target: {fileID: 2309529945848706685, guid: 85b97b90f27cd2b44a83c27106d76a84,
        type: 3}
      propertyPath: m_LocalEulerAnglesHint.x
      value: 0
      objectReference: {fileID: 0}
    - target: {fileID: 2309529945848706685, guid: 85b97b90f27cd2b44a83c27106d76a84,
        type: 3}
      propertyPath: m_LocalEulerAnglesHint.y
      value: 0
      objectReference: {fileID: 0}
    - target: {fileID: 2309529945848706685, guid: 85b97b90f27cd2b44a83c27106d76a84,
        type: 3}
      propertyPath: m_LocalEulerAnglesHint.z
      value: 0
      objectReference: {fileID: 0}
    m_RemovedComponents: []
    m_RemovedGameObjects: []
    m_AddedGameObjects: []
    m_AddedComponents: []
  m_SourcePrefab: {fileID: 100100000, guid: 85b97b90f27cd2b44a83c27106d76a84, type: 3}
--- !u!114 &3385590192908871056 stripped
MonoBehaviour:
  m_CorrespondingSourceObject: {fileID: 4661326209808494421, guid: 85b97b90f27cd2b44a83c27106d76a84,
    type: 3}
  m_PrefabInstance: {fileID: 7947818884247800517}
  m_PrefabAsset: {fileID: 0}
  m_GameObject: {fileID: 0}
  m_Enabled: 1
  m_EditorHideFlags: 0
  m_Script: {fileID: 11500000, guid: 0aeba41e7a49531459b07c580be36569, type: 3}
  m_Name: 
  m_EditorClassIdentifier: 
--- !u!4 &5638869665230568632 stripped
Transform:
  m_CorrespondingSourceObject: {fileID: 2309529945848706685, guid: 85b97b90f27cd2b44a83c27106d76a84,
    type: 3}
  m_PrefabInstance: {fileID: 7947818884247800517}
  m_PrefabAsset: {fileID: 0}
