%YAML 1.1
%TAG !u! tag:unity3d.com,2011:
--- !u!1 &8885946290432472383
GameObject:
  m_ObjectHideFlags: 0
  m_CorrespondingSourceObject: {fileID: 0}
  m_PrefabInstance: {fileID: 0}
  m_PrefabAsset: {fileID: 0}
  serializedVersion: 6
  m_Component:
  - component: {fileID: 1843983843864487966}
  - component: {fileID: 3706762138675072858}
  - component: {fileID: 4468567456822665067}
  - component: {fileID: 1515407485676662897}
  - component: {fileID: -4833762021349053083}
  m_Layer: 0
  m_Name: StrongFormationPrefab
  m_TagString: Untagged
  m_Icon: {fileID: 0}
  m_NavMeshLayer: 0
  m_StaticEditorFlags: 0
  m_IsActive: 1
--- !u!4 &1843983843864487966
Transform:
  m_ObjectHideFlags: 0
  m_CorrespondingSourceObject: {fileID: 0}
  m_PrefabInstance: {fileID: 0}
  m_PrefabAsset: {fileID: 0}
  m_GameObject: {fileID: 8885946290432472383}
  serializedVersion: 2
  m_LocalRotation: {x: 0, y: 0, z: 0, w: 1}
  m_LocalPosition: {x: 18.5, y: 0.5, z: 4.5}
  m_LocalScale: {x: 1, y: 1, z: 1}
  m_ConstrainProportionsScale: 0
  m_Children:
  - {fileID: 6382024721068775471}
  - {fileID: 7880848896402847096}
  - {fileID: 4405494127834834723}
  - {fileID: 8486518851892083917}
  - {fileID: 7764541883311279972}
  - {fileID: 5082469040167171372}
  - {fileID: 277757266735261032}
  m_Father: {fileID: 0}
  m_LocalEulerAnglesHint: {x: 0, y: 0, z: 0}
--- !u!33 &3706762138675072858
MeshFilter:
  m_ObjectHideFlags: 0
  m_CorrespondingSourceObject: {fileID: 0}
  m_PrefabInstance: {fileID: 0}
  m_PrefabAsset: {fileID: 0}
  m_GameObject: {fileID: 8885946290432472383}
  m_Mesh: {fileID: 10206, guid: 0000000000000000e000000000000000, type: 0}
--- !u!23 &4468567456822665067
MeshRenderer:
  m_ObjectHideFlags: 0
  m_CorrespondingSourceObject: {fileID: 0}
  m_PrefabInstance: {fileID: 0}
  m_PrefabAsset: {fileID: 0}
  m_GameObject: {fileID: 8885946290432472383}
  m_Enabled: 1
  m_CastShadows: 1
  m_ReceiveShadows: 1
  m_DynamicOccludee: 1
  m_StaticShadowCaster: 0
  m_MotionVectors: 1
  m_LightProbeUsage: 1
  m_ReflectionProbeUsage: 1
  m_RayTracingMode: 2
  m_RayTraceProcedural: 0
  m_RenderingLayerMask: 1
  m_RendererPriority: 0
  m_Materials:
  - {fileID: 2100000, guid: 31321ba15b8f8eb4c954353edc038b1d, type: 2}
  m_StaticBatchInfo:
    firstSubMesh: 0
    subMeshCount: 0
  m_StaticBatchRoot: {fileID: 0}
  m_ProbeAnchor: {fileID: 0}
  m_LightProbeVolumeOverride: {fileID: 0}
  m_ScaleInLightmap: 1
  m_ReceiveGI: 1
  m_PreserveUVs: 0
  m_IgnoreNormalsForChartDetection: 0
  m_ImportantGI: 0
  m_StitchLightmapSeams: 1
  m_SelectedEditorRenderState: 3
  m_MinimumChartSize: 4
  m_AutoUVMaxDistance: 0.5
  m_AutoUVMaxAngle: 89
  m_LightmapParameters: {fileID: 0}
  m_SortingLayerID: 0
  m_SortingLayer: 0
  m_SortingOrder: 0
  m_AdditionalVertexStreams: {fileID: 0}
--- !u!136 &1515407485676662897
CapsuleCollider:
  m_ObjectHideFlags: 0
  m_CorrespondingSourceObject: {fileID: 0}
  m_PrefabInstance: {fileID: 0}
  m_PrefabAsset: {fileID: 0}
  m_GameObject: {fileID: 8885946290432472383}
  m_Material: {fileID: 0}
  m_IncludeLayers:
    serializedVersion: 2
    m_Bits: 0
  m_ExcludeLayers:
    serializedVersion: 2
    m_Bits: 0
  m_LayerOverridePriority: 0
  m_IsTrigger: 0
  m_ProvidesContacts: 0
  m_Enabled: 1
  serializedVersion: 2
  m_Radius: 0.5000001
  m_Height: 2
  m_Direction: 1
  m_Center: {x: 0.000000059604645, y: 0, z: -0.00000008940697}
--- !u!114 &-4833762021349053083
MonoBehaviour:
  m_ObjectHideFlags: 0
  m_CorrespondingSourceObject: {fileID: 0}
  m_PrefabInstance: {fileID: 0}
  m_PrefabAsset: {fileID: 0}
  m_GameObject: {fileID: 8885946290432472383}
  m_Enabled: 1
  m_EditorHideFlags: 0
  m_Script: {fileID: 11500000, guid: 026038740276da74089ba827ad5a5ed1, type: 3}
  m_Name: 
  m_EditorClassIdentifier: 
--- !u!1001 &568341636596742308
PrefabInstance:
  m_ObjectHideFlags: 0
  serializedVersion: 2
  m_Modification:
    serializedVersion: 3
    m_TransformParent: {fileID: 1843983843864487966}
    m_Modifications:
    - target: {fileID: 399936507265037841, guid: aa2dbd87bf46d074c9d0ae68c06ddafa,
        type: 3}
      propertyPath: m_Name
      value: RangedInvader1
      objectReference: {fileID: 0}
    - target: {fileID: 4013604516164648668, guid: aa2dbd87bf46d074c9d0ae68c06ddafa,
        type: 3}
      propertyPath: gizmoViewMode
      value: 2
      objectReference: {fileID: 0}
    - target: {fileID: 4013604516164648668, guid: aa2dbd87bf46d074c9d0ae68c06ddafa,
        type: 3}
      propertyPath: showBehaviorDesignerGizmo
      value: 1
      objectReference: {fileID: 0}
    - target: {fileID: 4233473966276321159, guid: aa2dbd87bf46d074c9d0ae68c06ddafa,
        type: 3}
      propertyPath: m_LocalPosition.x
      value: 1.0599995
      objectReference: {fileID: 0}
    - target: {fileID: 4233473966276321159, guid: aa2dbd87bf46d074c9d0ae68c06ddafa,
        type: 3}
      propertyPath: m_LocalPosition.y
      value: 0
      objectReference: {fileID: 0}
    - target: {fileID: 4233473966276321159, guid: aa2dbd87bf46d074c9d0ae68c06ddafa,
        type: 3}
      propertyPath: m_LocalPosition.z
      value: 1.2600002
      objectReference: {fileID: 0}
    - target: {fileID: 4233473966276321159, guid: aa2dbd87bf46d074c9d0ae68c06ddafa,
        type: 3}
      propertyPath: m_LocalRotation.w
      value: 0.7071068
      objectReference: {fileID: 0}
    - target: {fileID: 4233473966276321159, guid: aa2dbd87bf46d074c9d0ae68c06ddafa,
        type: 3}
      propertyPath: m_LocalRotation.x
      value: -0
      objectReference: {fileID: 0}
    - target: {fileID: 4233473966276321159, guid: aa2dbd87bf46d074c9d0ae68c06ddafa,
        type: 3}
      propertyPath: m_LocalRotation.y
      value: 0.7071068
      objectReference: {fileID: 0}
    - target: {fileID: 4233473966276321159, guid: aa2dbd87bf46d074c9d0ae68c06ddafa,
        type: 3}
      propertyPath: m_LocalRotation.z
      value: -0
      objectReference: {fileID: 0}
    - target: {fileID: 4233473966276321159, guid: aa2dbd87bf46d074c9d0ae68c06ddafa,
        type: 3}
      propertyPath: m_LocalEulerAnglesHint.x
      value: 0
      objectReference: {fileID: 0}
    - target: {fileID: 4233473966276321159, guid: aa2dbd87bf46d074c9d0ae68c06ddafa,
        type: 3}
      propertyPath: m_LocalEulerAnglesHint.y
      value: 0
      objectReference: {fileID: 0}
    - target: {fileID: 4233473966276321159, guid: aa2dbd87bf46d074c9d0ae68c06ddafa,
        type: 3}
      propertyPath: m_LocalEulerAnglesHint.z
      value: 0
      objectReference: {fileID: 0}
    m_RemovedComponents: []
    m_RemovedGameObjects: []
    m_AddedGameObjects: []
    m_AddedComponents: []
  m_SourcePrefab: {fileID: 100100000, guid: aa2dbd87bf46d074c9d0ae68c06ddafa, type: 3}
--- !u!4 &4405494127834834723 stripped
Transform:
  m_CorrespondingSourceObject: {fileID: 4233473966276321159, guid: aa2dbd87bf46d074c9d0ae68c06ddafa,
    type: 3}
  m_PrefabInstance: {fileID: 568341636596742308}
  m_PrefabAsset: {fileID: 0}
--- !u!1001 &4114769328606968559
PrefabInstance:
  m_ObjectHideFlags: 0
  serializedVersion: 2
  m_Modification:
    serializedVersion: 3
    m_TransformParent: {fileID: 1843983843864487966}
    m_Modifications:
    - target: {fileID: 399936507265037841, guid: aa2dbd87bf46d074c9d0ae68c06ddafa,
        type: 3}
      propertyPath: m_Name
      value: RangedInvader4
      objectReference: {fileID: 0}
    - target: {fileID: 4013604516164648668, guid: aa2dbd87bf46d074c9d0ae68c06ddafa,
        type: 3}
      propertyPath: gizmoViewMode
      value: 2
      objectReference: {fileID: 0}
    - target: {fileID: 4013604516164648668, guid: aa2dbd87bf46d074c9d0ae68c06ddafa,
        type: 3}
      propertyPath: showBehaviorDesignerGizmo
      value: 1
      objectReference: {fileID: 0}
    - target: {fileID: 4233473966276321159, guid: aa2dbd87bf46d074c9d0ae68c06ddafa,
        type: 3}
      propertyPath: m_LocalPosition.x
      value: -2.1900005
      objectReference: {fileID: 0}
    - target: {fileID: 4233473966276321159, guid: aa2dbd87bf46d074c9d0ae68c06ddafa,
        type: 3}
      propertyPath: m_LocalPosition.y
      value: 0
      objectReference: {fileID: 0}
    - target: {fileID: 4233473966276321159, guid: aa2dbd87bf46d074c9d0ae68c06ddafa,
        type: 3}
      propertyPath: m_LocalPosition.z
      value: 1.2800007
      objectReference: {fileID: 0}
    - target: {fileID: 4233473966276321159, guid: aa2dbd87bf46d074c9d0ae68c06ddafa,
        type: 3}
      propertyPath: m_LocalRotation.w
      value: 0.7071068
      objectReference: {fileID: 0}
    - target: {fileID: 4233473966276321159, guid: aa2dbd87bf46d074c9d0ae68c06ddafa,
        type: 3}
      propertyPath: m_LocalRotation.x
      value: -0
      objectReference: {fileID: 0}
    - target: {fileID: 4233473966276321159, guid: aa2dbd87bf46d074c9d0ae68c06ddafa,
        type: 3}
      propertyPath: m_LocalRotation.y
      value: 0.7071068
      objectReference: {fileID: 0}
    - target: {fileID: 4233473966276321159, guid: aa2dbd87bf46d074c9d0ae68c06ddafa,
        type: 3}
      propertyPath: m_LocalRotation.z
      value: -0
      objectReference: {fileID: 0}
    - target: {fileID: 4233473966276321159, guid: aa2dbd87bf46d074c9d0ae68c06ddafa,
        type: 3}
      propertyPath: m_LocalEulerAnglesHint.x
      value: 0
      objectReference: {fileID: 0}
    - target: {fileID: 4233473966276321159, guid: aa2dbd87bf46d074c9d0ae68c06ddafa,
        type: 3}
      propertyPath: m_LocalEulerAnglesHint.y
      value: 0
      objectReference: {fileID: 0}
    - target: {fileID: 4233473966276321159, guid: aa2dbd87bf46d074c9d0ae68c06ddafa,
        type: 3}
      propertyPath: m_LocalEulerAnglesHint.z
      value: 0
      objectReference: {fileID: 0}
    m_RemovedComponents: []
    m_RemovedGameObjects: []
    m_AddedGameObjects: []
    m_AddedComponents: []
  m_SourcePrefab: {fileID: 100100000, guid: aa2dbd87bf46d074c9d0ae68c06ddafa, type: 3}
--- !u!4 &277757266735261032 stripped
Transform:
  m_CorrespondingSourceObject: {fileID: 4233473966276321159, guid: aa2dbd87bf46d074c9d0ae68c06ddafa,
    type: 3}
  m_PrefabInstance: {fileID: 4114769328606968559}
  m_PrefabAsset: {fileID: 0}
--- !u!1001 &5694372691095413578
PrefabInstance:
  m_ObjectHideFlags: 0
  serializedVersion: 2
  m_Modification:
    serializedVersion: 3
    m_TransformParent: {fileID: 1843983843864487966}
    m_Modifications:
    - target: {fileID: 399936507265037841, guid: aa2dbd87bf46d074c9d0ae68c06ddafa,
        type: 3}
      propertyPath: m_Name
      value: RangedInvader2
      objectReference: {fileID: 0}
    - target: {fileID: 4013604516164648668, guid: aa2dbd87bf46d074c9d0ae68c06ddafa,
        type: 3}
      propertyPath: gizmoViewMode
      value: 2
      objectReference: {fileID: 0}
    - target: {fileID: 4013604516164648668, guid: aa2dbd87bf46d074c9d0ae68c06ddafa,
        type: 3}
      propertyPath: showBehaviorDesignerGizmo
      value: 1
      objectReference: {fileID: 0}
    - target: {fileID: 4233473966276321159, guid: aa2dbd87bf46d074c9d0ae68c06ddafa,
        type: 3}
      propertyPath: m_LocalPosition.x
      value: -1.1199989
      objectReference: {fileID: 0}
    - target: {fileID: 4233473966276321159, guid: aa2dbd87bf46d074c9d0ae68c06ddafa,
        type: 3}
      propertyPath: m_LocalPosition.y
      value: 0
      objectReference: {fileID: 0}
    - target: {fileID: 4233473966276321159, guid: aa2dbd87bf46d074c9d0ae68c06ddafa,
        type: 3}
      propertyPath: m_LocalPosition.z
      value: 2.460001
      objectReference: {fileID: 0}
    - target: {fileID: 4233473966276321159, guid: aa2dbd87bf46d074c9d0ae68c06ddafa,
        type: 3}
      propertyPath: m_LocalRotation.w
      value: 0.7071068
      objectReference: {fileID: 0}
    - target: {fileID: 4233473966276321159, guid: aa2dbd87bf46d074c9d0ae68c06ddafa,
        type: 3}
      propertyPath: m_LocalRotation.x
      value: -0
      objectReference: {fileID: 0}
    - target: {fileID: 4233473966276321159, guid: aa2dbd87bf46d074c9d0ae68c06ddafa,
        type: 3}
      propertyPath: m_LocalRotation.y
      value: 0.7071068
      objectReference: {fileID: 0}
    - target: {fileID: 4233473966276321159, guid: aa2dbd87bf46d074c9d0ae68c06ddafa,
        type: 3}
      propertyPath: m_LocalRotation.z
      value: -0
      objectReference: {fileID: 0}
    - target: {fileID: 4233473966276321159, guid: aa2dbd87bf46d074c9d0ae68c06ddafa,
        type: 3}
      propertyPath: m_LocalEulerAnglesHint.x
      value: 0
      objectReference: {fileID: 0}
    - target: {fileID: 4233473966276321159, guid: aa2dbd87bf46d074c9d0ae68c06ddafa,
        type: 3}
      propertyPath: m_LocalEulerAnglesHint.y
      value: 0
      objectReference: {fileID: 0}
    - target: {fileID: 4233473966276321159, guid: aa2dbd87bf46d074c9d0ae68c06ddafa,
        type: 3}
      propertyPath: m_LocalEulerAnglesHint.z
      value: 0
      objectReference: {fileID: 0}
    m_RemovedComponents: []
    m_RemovedGameObjects: []
    m_AddedGameObjects: []
    m_AddedComponents: []
  m_SourcePrefab: {fileID: 100100000, guid: aa2dbd87bf46d074c9d0ae68c06ddafa, type: 3}
--- !u!4 &8486518851892083917 stripped
Transform:
  m_CorrespondingSourceObject: {fileID: 4233473966276321159, guid: aa2dbd87bf46d074c9d0ae68c06ddafa,
    type: 3}
  m_PrefabInstance: {fileID: 5694372691095413578}
  m_PrefabAsset: {fileID: 0}
--- !u!1001 &5837056062907928803
PrefabInstance:
  m_ObjectHideFlags: 0
  serializedVersion: 2
  m_Modification:
    serializedVersion: 3
    m_TransformParent: {fileID: 1843983843864487966}
    m_Modifications:
    - target: {fileID: 399936507265037841, guid: 49989995f952e6b459c431cc40736fd3,
        type: 3}
      propertyPath: m_Name
      value: Invader_melee_spider3
      objectReference: {fileID: 0}
    - target: {fileID: 4233473966276321159, guid: 49989995f952e6b459c431cc40736fd3,
        type: 3}
      propertyPath: m_LocalPosition.x
      value: -1.9300003
      objectReference: {fileID: 0}
    - target: {fileID: 4233473966276321159, guid: 49989995f952e6b459c431cc40736fd3,
        type: 3}
      propertyPath: m_LocalPosition.y
      value: 0
      objectReference: {fileID: 0}
    - target: {fileID: 4233473966276321159, guid: 49989995f952e6b459c431cc40736fd3,
        type: 3}
      propertyPath: m_LocalPosition.z
      value: 4.080002
      objectReference: {fileID: 0}
    - target: {fileID: 4233473966276321159, guid: 49989995f952e6b459c431cc40736fd3,
        type: 3}
      propertyPath: m_LocalRotation.w
      value: 0.7071068
      objectReference: {fileID: 0}
    - target: {fileID: 4233473966276321159, guid: 49989995f952e6b459c431cc40736fd3,
        type: 3}
      propertyPath: m_LocalRotation.x
      value: -0
      objectReference: {fileID: 0}
    - target: {fileID: 4233473966276321159, guid: 49989995f952e6b459c431cc40736fd3,
        type: 3}
      propertyPath: m_LocalRotation.y
      value: 0.7071068
      objectReference: {fileID: 0}
    - target: {fileID: 4233473966276321159, guid: 49989995f952e6b459c431cc40736fd3,
        type: 3}
      propertyPath: m_LocalRotation.z
      value: -0
      objectReference: {fileID: 0}
    - target: {fileID: 4233473966276321159, guid: 49989995f952e6b459c431cc40736fd3,
        type: 3}
      propertyPath: m_LocalEulerAnglesHint.x
      value: 0
      objectReference: {fileID: 0}
    - target: {fileID: 4233473966276321159, guid: 49989995f952e6b459c431cc40736fd3,
        type: 3}
      propertyPath: m_LocalEulerAnglesHint.y
      value: 0
      objectReference: {fileID: 0}
    - target: {fileID: 4233473966276321159, guid: 49989995f952e6b459c431cc40736fd3,
        type: 3}
      propertyPath: m_LocalEulerAnglesHint.z
      value: 0
      objectReference: {fileID: 0}
    m_RemovedComponents: []
    m_RemovedGameObjects: []
    m_AddedGameObjects: []
    m_AddedComponents: []
  m_SourcePrefab: {fileID: 100100000, guid: 49989995f952e6b459c431cc40736fd3, type: 3}
--- !u!4 &7764541883311279972 stripped
Transform:
  m_CorrespondingSourceObject: {fileID: 4233473966276321159, guid: 49989995f952e6b459c431cc40736fd3,
    type: 3}
  m_PrefabInstance: {fileID: 5837056062907928803}
  m_PrefabAsset: {fileID: 0}
--- !u!1001 &6313541406402898687
PrefabInstance:
  m_ObjectHideFlags: 0
  serializedVersion: 2
  m_Modification:
    serializedVersion: 3
    m_TransformParent: {fileID: 1843983843864487966}
    m_Modifications:
    - target: {fileID: 399936507265037841, guid: 49989995f952e6b459c431cc40736fd3,
        type: 3}
      propertyPath: m_Name
      value: Invader_melee_spider2
      objectReference: {fileID: 0}
    - target: {fileID: 4233473966276321159, guid: 49989995f952e6b459c431cc40736fd3,
        type: 3}
      propertyPath: m_LocalPosition.x
      value: -0.4300003
      objectReference: {fileID: 0}
    - target: {fileID: 4233473966276321159, guid: 49989995f952e6b459c431cc40736fd3,
        type: 3}
      propertyPath: m_LocalPosition.y
      value: 0
      objectReference: {fileID: 0}
    - target: {fileID: 4233473966276321159, guid: 49989995f952e6b459c431cc40736fd3,
        type: 3}
      propertyPath: m_LocalPosition.z
      value: 5.6900015
      objectReference: {fileID: 0}
    - target: {fileID: 4233473966276321159, guid: 49989995f952e6b459c431cc40736fd3,
        type: 3}
      propertyPath: m_LocalRotation.w
      value: 0.7071068
      objectReference: {fileID: 0}
    - target: {fileID: 4233473966276321159, guid: 49989995f952e6b459c431cc40736fd3,
        type: 3}
      propertyPath: m_LocalRotation.x
      value: -0
      objectReference: {fileID: 0}
    - target: {fileID: 4233473966276321159, guid: 49989995f952e6b459c431cc40736fd3,
        type: 3}
      propertyPath: m_LocalRotation.y
      value: 0.7071068
      objectReference: {fileID: 0}
    - target: {fileID: 4233473966276321159, guid: 49989995f952e6b459c431cc40736fd3,
        type: 3}
      propertyPath: m_LocalRotation.z
      value: -0
      objectReference: {fileID: 0}
    - target: {fileID: 4233473966276321159, guid: 49989995f952e6b459c431cc40736fd3,
        type: 3}
      propertyPath: m_LocalEulerAnglesHint.x
      value: 0
      objectReference: {fileID: 0}
    - target: {fileID: 4233473966276321159, guid: 49989995f952e6b459c431cc40736fd3,
        type: 3}
      propertyPath: m_LocalEulerAnglesHint.y
      value: 0
      objectReference: {fileID: 0}
    - target: {fileID: 4233473966276321159, guid: 49989995f952e6b459c431cc40736fd3,
        type: 3}
      propertyPath: m_LocalEulerAnglesHint.z
      value: 0
      objectReference: {fileID: 0}
    m_RemovedComponents: []
    m_RemovedGameObjects: []
    m_AddedGameObjects: []
    m_AddedComponents: []
  m_SourcePrefab: {fileID: 100100000, guid: 49989995f952e6b459c431cc40736fd3, type: 3}
--- !u!4 &7880848896402847096 stripped
Transform:
  m_CorrespondingSourceObject: {fileID: 4233473966276321159, guid: 49989995f952e6b459c431cc40736fd3,
    type: 3}
  m_PrefabInstance: {fileID: 6313541406402898687}
  m_PrefabAsset: {fileID: 0}
--- !u!1001 &7084676303903999912
PrefabInstance:
  m_ObjectHideFlags: 0
  serializedVersion: 2
  m_Modification:
    serializedVersion: 3
    m_TransformParent: {fileID: 1843983843864487966}
    m_Modifications:
    - target: {fileID: 399936507265037841, guid: 49989995f952e6b459c431cc40736fd3,
        type: 3}
      propertyPath: m_Name
      value: Invader_melee_spider1
      objectReference: {fileID: 0}
    - target: {fileID: 4233473966276321159, guid: 49989995f952e6b459c431cc40736fd3,
        type: 3}
      propertyPath: m_LocalPosition.x
      value: 0.9300003
      objectReference: {fileID: 0}
    - target: {fileID: 4233473966276321159, guid: 49989995f952e6b459c431cc40736fd3,
        type: 3}
      propertyPath: m_LocalPosition.y
      value: 0
      objectReference: {fileID: 0}
    - target: {fileID: 4233473966276321159, guid: 49989995f952e6b459c431cc40736fd3,
        type: 3}
      propertyPath: m_LocalPosition.z
      value: 3.9900017
      objectReference: {fileID: 0}
    - target: {fileID: 4233473966276321159, guid: 49989995f952e6b459c431cc40736fd3,
        type: 3}
      propertyPath: m_LocalRotation.w
      value: 0.7071068
      objectReference: {fileID: 0}
    - target: {fileID: 4233473966276321159, guid: 49989995f952e6b459c431cc40736fd3,
        type: 3}
      propertyPath: m_LocalRotation.x
      value: -0
      objectReference: {fileID: 0}
    - target: {fileID: 4233473966276321159, guid: 49989995f952e6b459c431cc40736fd3,
        type: 3}
      propertyPath: m_LocalRotation.y
      value: 0.7071068
      objectReference: {fileID: 0}
    - target: {fileID: 4233473966276321159, guid: 49989995f952e6b459c431cc40736fd3,
        type: 3}
      propertyPath: m_LocalRotation.z
      value: -0
      objectReference: {fileID: 0}
    - target: {fileID: 4233473966276321159, guid: 49989995f952e6b459c431cc40736fd3,
        type: 3}
      propertyPath: m_LocalEulerAnglesHint.x
      value: 0
      objectReference: {fileID: 0}
    - target: {fileID: 4233473966276321159, guid: 49989995f952e6b459c431cc40736fd3,
        type: 3}
      propertyPath: m_LocalEulerAnglesHint.y
      value: 0
      objectReference: {fileID: 0}
    - target: {fileID: 4233473966276321159, guid: 49989995f952e6b459c431cc40736fd3,
        type: 3}
      propertyPath: m_LocalEulerAnglesHint.z
      value: 0
      objectReference: {fileID: 0}
    m_RemovedComponents: []
    m_RemovedGameObjects: []
    m_AddedGameObjects: []
    m_AddedComponents: []
  m_SourcePrefab: {fileID: 100100000, guid: 49989995f952e6b459c431cc40736fd3, type: 3}
--- !u!4 &6382024721068775471 stripped
Transform:
  m_CorrespondingSourceObject: {fileID: 4233473966276321159, guid: 49989995f952e6b459c431cc40736fd3,
    type: 3}
  m_PrefabInstance: {fileID: 7084676303903999912}
  m_PrefabAsset: {fileID: 0}
--- !u!1001 &8955650359537576619
PrefabInstance:
  m_ObjectHideFlags: 0
  serializedVersion: 2
  m_Modification:
    serializedVersion: 3
    m_TransformParent: {fileID: 1843983843864487966}
    m_Modifications:
    - target: {fileID: 399936507265037841, guid: aa2dbd87bf46d074c9d0ae68c06ddafa,
        type: 3}
      propertyPath: m_Name
      value: RangedInvader3
      objectReference: {fileID: 0}
    - target: {fileID: 4013604516164648668, guid: aa2dbd87bf46d074c9d0ae68c06ddafa,
        type: 3}
      propertyPath: gizmoViewMode
      value: 2
      objectReference: {fileID: 0}
    - target: {fileID: 4013604516164648668, guid: aa2dbd87bf46d074c9d0ae68c06ddafa,
        type: 3}
      propertyPath: showBehaviorDesignerGizmo
      value: 1
      objectReference: {fileID: 0}
    - target: {fileID: 4233473966276321159, guid: aa2dbd87bf46d074c9d0ae68c06ddafa,
        type: 3}
      propertyPath: m_LocalPosition.x
      value: 0.07999992
      objectReference: {fileID: 0}
    - target: {fileID: 4233473966276321159, guid: aa2dbd87bf46d074c9d0ae68c06ddafa,
        type: 3}
      propertyPath: m_LocalPosition.y
      value: 0
      objectReference: {fileID: 0}
    - target: {fileID: 4233473966276321159, guid: aa2dbd87bf46d074c9d0ae68c06ddafa,
        type: 3}
      propertyPath: m_LocalPosition.z
      value: 2.4600005
      objectReference: {fileID: 0}
    - target: {fileID: 4233473966276321159, guid: aa2dbd87bf46d074c9d0ae68c06ddafa,
        type: 3}
      propertyPath: m_LocalRotation.w
      value: 0.7071068
      objectReference: {fileID: 0}
    - target: {fileID: 4233473966276321159, guid: aa2dbd87bf46d074c9d0ae68c06ddafa,
        type: 3}
      propertyPath: m_LocalRotation.x
      value: -0
      objectReference: {fileID: 0}
    - target: {fileID: 4233473966276321159, guid: aa2dbd87bf46d074c9d0ae68c06ddafa,
        type: 3}
      propertyPath: m_LocalRotation.y
      value: 0.7071068
      objectReference: {fileID: 0}
    - target: {fileID: 4233473966276321159, guid: aa2dbd87bf46d074c9d0ae68c06ddafa,
        type: 3}
      propertyPath: m_LocalRotation.z
      value: -0
      objectReference: {fileID: 0}
    - target: {fileID: 4233473966276321159, guid: aa2dbd87bf46d074c9d0ae68c06ddafa,
        type: 3}
      propertyPath: m_LocalEulerAnglesHint.x
      value: 0
      objectReference: {fileID: 0}
    - target: {fileID: 4233473966276321159, guid: aa2dbd87bf46d074c9d0ae68c06ddafa,
        type: 3}
      propertyPath: m_LocalEulerAnglesHint.y
      value: 0
      objectReference: {fileID: 0}
    - target: {fileID: 4233473966276321159, guid: aa2dbd87bf46d074c9d0ae68c06ddafa,
        type: 3}
      propertyPath: m_LocalEulerAnglesHint.z
      value: 0
      objectReference: {fileID: 0}
    m_RemovedComponents: []
    m_RemovedGameObjects: []
    m_AddedGameObjects: []
    m_AddedComponents: []
  m_SourcePrefab: {fileID: 100100000, guid: aa2dbd87bf46d074c9d0ae68c06ddafa, type: 3}
--- !u!4 &5082469040167171372 stripped
Transform:
  m_CorrespondingSourceObject: {fileID: 4233473966276321159, guid: aa2dbd87bf46d074c9d0ae68c06ddafa,
    type: 3}
  m_PrefabInstance: {fileID: 8955650359537576619}
  m_PrefabAsset: {fileID: 0}
